3134 4788
415 643 539 738 ιη
698 611 1024 726 PARS
1132 612 1178 730 1.

413 841 420 852 ·
496 774 654 868 Divifio
680 798 820 862 autem
857 774 994 892 anguli
1031 773 1142 862 acuti
1171 773 1212 860 in
1242 770 1433 890 septem,
1538 817 1542 824 ·

405 925 600 1005 novem,
638 893 877 1002 undecim,
918 892 1164 1008 catenasque
1194 920 1337 1008 partes
1360 897 1436 994 inn-

404 1047 556 1136 pareS,
583 1017 624 1100 &
655 1017 767 1101 inter
793 1009 835 1098 se
861 1013 1063 1128 aquales,
1090 1011 1137 1100 fit
1166 1011 1317 1101 eodem
1344 1041 1433 1098 mo·

404 1139 462 1228 do
494 1135 547 1224 ad
582 1122 758 1222 formam
784 1131 896 1245 prins
921 1131 1038 1228 divifi
1062 1130 1202 1247 anguli
1223 1135 1363 1236 acuti,
1394 1133 1436 1218 in

404 1258 584 1374 quinque
615 1271 790 1368 parton,
819 1251 888 1340 vel
912 1249 1083 1366 angulos
1109 1252 1221 1338 inter
1247 1253 1289 1340 se
1305 1281 1440 1365 acqua-

404 1378 497 1464 les.
534 1379 592 1462 Et
627 1376 711 1458 haec
750 1400 828 1484 pro
858 1365 1260 1486 impoffibiliafferta
1284 1374 1335 1455 ab
1362 1369 1440 1456 ali·
1528 1409 1532 1424 ·

404 1494 553 1610 quibus
589 1485 854 1594 affectione,
889 1488 1215 1606 quintusefftione
1254 1495 1334 1576 ἃς.
1366 1514 1443 1574 an-

406 1613 496 1729 guli
528 1609 640 1726 plani
686 1607 875 1714 circino,
917 1613 958 1696 &
1003 1603 1148 1726 regula
1192 1605 1299 1696 dieta
1331 1606 1441 1698 suffi-

403 1735 518 1821 ciant
540 1735 625 1818 &c.
699 1813 704 1822 ,
1219 1809 1222 1814 ,
1302 1775 1307 1782 ·

417 1907 424 1916 ·
496 1855 593 1938 Una
629 1845 687 1934 est
710 1845 967 1953 difficultas,
1003 1875 1126 1963 quam
1150 1842 1274 1934 alicui
1303 1843 1441 1936 videri

404 1963 538 2086 posset
561 1966 653 2102 pati
680 1967 785 2055 hanc
814 1967 1004 2053 ultimam
1031 1962 1275 2054 divifionem
1311 1994 1443 2084 angu-

403 2090 436 2177 li
460 2103 572 2174 acuta
598 2078 641 2174 in
667 2105 787 2190 tres,
824 2084 1036 2200 quinque,
1071 2085 1142 2173 vel
1179 2083 1319 2200 plures
1346 2115 1445 2204 par·¹

404 2231 473 2296 tes
527 2199 640 2291 inter
705 2198 747 2292 se
804 2204 982 2318 aquales
1008 2231 1029 2316 ,ς
1097 2231 1219 2317 quam
1275 2204 1445 2291 divifio-

386 2353 502 2418 nem
533 2350 614 2410 non
641 2317 813 2440 attuli(
838 2343 884 2410 ut
914 2322 1067 2410 iterum
1093 2320 1207 2441 aio)
1232 2343 1444 2440 tamquam

403 2433 521 2534 omni
565 2440 823 2530 certitudine
861 2439 1185 2532 demonstratam
1217 2497 1232 2546 ,
1273 2438 1343 2530 sed
1379 2439 1446 2526 so·

405 2560 528 2666 lom,
556 2579 602 2647 ut
632 2553 767 2648 ansam
793 2554 885 2652 aliis
913 2555 1139 2676 praeberem
1169 2555 1445 2675 investigandi

406 2707 536 2770 novas
564 2674 942 2774 demonstrationes
971 2678 1023 2768 ad
1042 2679 1252 2793 publicam
1280 2673 1446 2768 utilita-

407 2823 530 2906 tem,
568 2827 663 2886 cum
696 2793 796 2884 alias
823 2794 926 2886 mihi
950 2797 1115 2888 abunda
1140 2793 1339 2888 sufficiant
1369 2795 1448 2886 de·-

407 2916 726 3015 monstrationes
759 2911 842 3033 jam
870 2911 1052 3036 superins
1084 2914 1219 3006 allatae
1260 2949 1336 3038 pro
1365 2917 1448 3005 tri-

404 3037 612 3144 secaionc,
639 3032 991 3153 quint-usefflone,
1016 3036 1253 3154 catenisque
1280 3037 1450 3128 divifio-

406 3157 528 3250 nibus
565 3158 706 3271 anguli
745 3153 888 3272 plani,
914 3180 1012 3273 quas
1034 3154 1310 3272 geometricas
1335 3156 1448 3272 esse,

408 3304 537 3366 nemo
563 3275 652 3382 est,
678 3277 809 3390 quiin
833 3277 1003 3364 dubium
1038 3299 1239 3366 revocare
1268 3274 1414 3396 poffit.

499 3395 738 3486 Difficultas
762 3392 889 3513 igitur
918 3392 999 3484 esse
1036 3397 1169 3512 potest
1198 3395 1297 3506 ista,
1324 3398 1449 3514 vide-

406 3514 542 3622 licet,
570 3513 681 3630 quod
709 3514 813 3604 licet
845 3518 885 3603 in
916 3513 1118 3606 lateribus
1146 3513 1461 3633 triangulorum

407 3631 598 3722 servetur
622 3634 840 3750 proportio
870 3635 1143 3748 aqualitatis3
1188 3633 1285 3724 dum
1315 3637 1450 3728 trian-

386 3754 506 3868 ,gula
549 3752 709 3843 debent
751 3749 1100 3866 effolsoscelia,
1140 3753 1221 3844 five
1264 3758 1449 3850 habeant

395 3872 549 3979 omnia
578 3882 756 3992 quatuor
780 3875 916 3962 latera
942 3874 1050 3964 inter
1082 3878 1122 3966 st
1153 3879 1352 3991 aqualia,
1382 3882 1448 3969 uti
1486 3910 1490 3916 ·

408 3989 559 4084 fastum
585 3994 714 4084 estin
743 3993 940 4086 divifione
967 3995 1053 4113 jam
1082 3995 1334 4106 fasta3s1vc
1359 3998 1445 4089 duo

477 4167 481 4174 ·
1292 4137 1384 4204 tan-
