800 1202
208 140 254 171 7²·
339 130 529 162 PARS
579 134 601 162 1.

210 179 284 203 partes
297 174 387 204 equales
401 174 480 197 clarius
493 173 596 198 elucescit
609 173 682 203 regula
695 181 734 203 ge-

210 204 290 227 neralis
307 203 399 234 superius
415 204 466 226 data
486 203 597 227 dividendi
612 211 736 233 quemcum-

210 241 252 264 que
262 235 365 264 augulum
373 234 486 264 planumin
500 233 572 264 plures
587 239 658 263 partes
668 234 736 264 impa-

210 270 245 287 res
261 264 317 287 inter
332 263 354 286 se
372 264 461 294 aequales
475 278 483 291 ‚
496 263 569 286 .ve1uti
585 263 681 293 septem,
696 272 737 287 no-

211 300 260 316 vem
273 309 282 321 ,
299 294 398 317 undecim
411 301 420 322 3
442 295 489 317 Imo
497 294 518 316 in
533 299 586 323 quot
601 293 686 323 quisque
695 302 735 317 vo-

211 324 277 347 luerit
291 331 298 346 ε
322 332 371 346 nam
391 326 452 347 reeta
474 323 534 346 lineae
549 324 614 346 dufiae
629 324 641 345 sl
657 330 735 347 centro

210 353 283 383 anguli
300 361 339 383 per
359 356 434 383 punfta
451 353 638 376 intersecationum
648 368 660 381 ,
681 362 734 383 quas

212 383 292 406 faciunt
309 384 416 413 paralellae
433 384 481 406 Ml.
498 384 550 406 ΝΟ.
570 391 617 406 cum
631 384 734 407 lateribus

212 414 268 436 GC.
288 415 309 436 G
317 415 344 435 A.
356 413 428 436 secant
442 420 513 435 arcum
527 413 548 435 in
559 420 643 442 partem
651 413 735 443 aliquo-

203 449 256 472 ·tam
265 458 273 470 ,
288 449 312 465 ut
322 443 369 465 sunt
379 443 422 466 duo
430 445 505 472 puncta
515 444 543 464 D.
551 444 577 465 E.
584 458 592 471 ‚
601 450 688 473 quorum
701 444 735 465 in-

212 473 306 495 ten-vallo
315 473 408 495 abscindi
421 471 503 502 pofflmr
516 480 577 495 arcus
588 487 597 500 ,
611 473 647 502 qui
663 480 734 495 rema-

211 509 264 525 nent
277 504 329 525 EC.
342 504 397 524 DA.
408 517 417 530 ,
433 503 453 524 &
464 502 492 524 fic
503 502 570 525 diviso
586 508 636 525 toto
646 510 696 525 arcu
710 503 731 525 iu

211 538 284 562 partes
295 532 402 561 ·aequales‚
422 533 482 554 restae
497 532 558 554 lineae
574 532 640 554 duelae
654 533 665 554 ὲ
678 540 732 561 pun-

210 562 249 584 ctis
267 562 389 584 divifionum
408 561 435 584 ad
450 561 548 591 angulum
566 562 655 589 datum,
670 562 731 585 illum

210 592 309 614 divident
330 592 350 614 iu
372 597 405 614 tot
421 597 492 620 partes
509 591 600 620 impares
620 592 631 614 ἃ
653 592 731 621 princi-

210 622 246 651 pio
262 622 389 651 imperatas,
405 621 463 651 juxta
478 621 580 650 placitum
602 623 730 650 Operantis.

209 653 239 674 Et
255 659 278 674 ut
295 651 369 674 melius
389 650 469 674 veritas
490 651 551 681 hujus
560 650 680 683 ‘affertionis
692 659 731 682 pa-

209 680 252 704 lam
265 681 303 704 fiat
310 697 316 702 .
324 681 357 704 Sit
364 695 371 702 .
600 699 602 701 .

600 1008 650 1031 P‘R
661 1008 696 1030 O·
