3200 4812
435 623 599 746 posset,
623 649 756 738 neque
772 621 905 709 dividi
920 625 961 709 in
978 617 1182 706 infinitum
1202 605 1331 731 pollet
1346 615 1388 699 in
1402 609 1467 698 di·
1553 641 1556 712 «ὴ

439 757 523 835 slas
565 763 706 857 partes
746 740 1104 855 proportionales.
1138 739 1181 823 Si
1222 734 1349 850 igitur
1380 726 1467 846 poll
1555 749 1556 752 ‘

440 887 744 982 quamcumque
762 859 1085 973 multiplicatam
1111 852 1351 952 divisronem
1375 879 1468 967 par·

443 986 577 1086 tium,
590 977 725 1092 adhuc
742 979 800 1065 est
814 980 854 1069 in
868 975 1072 1064 inlinitum
1082 972 1297 1062 divisibilis
1313 971 1469 1077 ,mani-

379 1151 380 1156 s
444 1099 591 1190 festum
607 1095 665 1183 ell
687 1095 874 1184 constare
903 1126 954 1182 ex
981 1094 1166 1208 partibus
1187 1091 1386 1198 infinitis,
1421 1091 1471 1178 li-

326 1323 328 1330 *
446 1242 517 1308 cet
533 1215 913 1332 proportionalibus
929 1261 948 1321 ,·
970 1212 1039 1299 sed
1055 1236 1195 1328 partes
1211 1210 1471 1328 quantumvis

449 1333 788 1456 proportionales
813 1331 969 1419 faciunt
987 1333 1302 1437 extensionem,
1319 1361 1423 1446 ergo
1446 1329 1473 1418 st
1555 1351 1556 1356 ‘

451 1457 565 1543 diua
581 1475 721 1568 partes
737 1451 826 1538 sunt
848 1449 1031 1557 infinita,
1050 1453 1177 1538 etiam
1193 1450 1378 1538 extenso
1391 1451 1475 1536 erit

453 1571 614 1662 infinita
631 1597 641 1656 r
657 1578 782 1657 reela
800 1592 938 1655 autem
952 1570 1063 1656 linea
1091 1572 1314 1660 terminata
1340 1568 1475 1684 potell

455 1688 586 1778 dividi
604 1688 648 1775 in
676 1685 880 1776 infinitum
895 1688 935 1774 in
952 1713 1090 1802 partes
1114 1688 1478 1806 proportionales,

458 1809 575 1898 srcuti
599 1806 754 1924 jaruesl
783 1805 1140 1917 demonstratum3
1169 1808 1324 1895 constat
1352 1807 1477 1920 igitur

459 1958 514 2016 ex
529 1925 716 2040 partibus
741 1923 911 2010 infinitis
932 1928 1335 2040 proportionalibus,
1350 1929 1391 2010 δε
1406 1953 1478 2038 per
1555 1977 1556 1980 κ

461 2042 715 2156 consequens
757 2043 816 2130 est
839 2042 964 2129 etiam
993 2043 1158 2133 infinitae
1190 2042 1482 2154 extensionis„

393 2229 395 2236 ,
461 2159 772 2279 quodirnplicat
789 2163 1310 2270 contradiuionem,utfit
1336 2162 1480 2250 termi-

465 2305 560 2372 nata
579 2277 699 2383 ,&s1t
717 2279 962 2368 extensronis
976 2280 1165 2383 infinitae.

448 2460 453 2471 .
554 2397 680 2483 Addo
700 2427 806 2487 nunc
822 2458 837 2505 ,
851 2399 961 2514 quod
975 2396 1073 2484 salsa
1087 2401 1134 2488 srt
1149 2397 1354 2514 responso
1368 2395 1483 2515 supra

466 2515 632 2604 data'de
655 2519 840 2631 parribus
855 2517 1072 2632 aequalibus
1096 2542 1346 2634 utcumque,
1369 2523 1409 2604 δι
1432 2516 1486 2603 de

406 2660 408 2664 ·
451 2653 453 2657 ’
468 2635 654 2754 partibus
667 2636 1043 2750 proportionalibus
1061 2697 1071 2718 .
1087 2642 1234 2724 Partes
1250 2637 1487 2752 proportio·

467 2755 582 2844 nales
598 2754 637 2838 in
660 2752 806 2840 ordine
825 2753 876 2839 ad
891 2757 1196 2870 quantitatem,
1222 2755 1365 2873 &ejus
1381 2753 1487 2840 divi·

466 2875 637 2975 sronem,
650 2872 908 2987 accipiuntur
921 2872 988 2960 hle
1004 2875 1083 2961 ille
1106 2897 1263 2989 parter,
1278 2903 1365 2988 que
1381 2870 1487 2958 divi·

472 2995 580 3082 lione
604 2989 820 3078 successiva
846 2989 1007 3106 semper
1034 2990 1311 3099 decrescunt,
1337 2989 1489 3078 &liunt

474 3113 653 3197 minores
669 3139 683 3217 3
697 3110 768 3197 sed
784 3109 911 3198 etiam
924 3113 966 3196 in
982 3113 1167 3225 partibus
1184 3113 1239 3198 ita
1256 3112 1496 3226 proportio-¹

474 3228 631 3340 naliter
646 3229 813 3335 divifis,
840 3229 1049 3344 reperitur
1076 3231 1285 3344 equalitas
1315 3233 1493 3346 partium

475 3348 867 3464 ablatarum3quias1
884 3345 1153 3463 supponamus
1174 3356 1327 3436 restam
1343 3349 1494 3436 lineam

221 3489 223 3496 '
337 3501 340 3509 ·
476 3464 647 3552 divisam
671 3462 751 3554 else
775 3470 813 3554 in
831 3468 947 3554 mille
961 3490 1102 3581 partes
1132 3469 1496 3584 proportionales,

420 3621 422 3634 ’
478 3615 621 3673 omnes
649 3611 788 3700 partes
814 3585 1116 3673 antecedentes
1139 3612 1299 3702 partem
1328 3585 1499 3674 millesi-
1528 3589 1537 3606 ⁸

479 3735 586 3790 mam
603 3703 730 3808 ,idest
747 3707 896 3792 ultimo
909 3705 1005 3790 loco
1027 3702 1196 3792 divisam
1211 3735 1225 3814 3
1241 3707 1302 3793 uti
1317 3708 1498 3824 majores
1555 3701 1556 3717 ἰ

480 3825 553 3912 illa
585 3824 832 3930 millesima,
862 3825 1081 4000 continept
1110 3848 1272 3940 partem
1300 3827 1501 4028 atquplem
1555 3903 1556 3951 ᾗ

1033 4008 1038 4036 r
1406 3974 1442 4029 ι·
1554 3965 1556 4042 r
